<?xml version="1.0" encoding="UTF-8"?><record xmlns="http://www.loc.gov/MARC21/slim" xmlns:cinclude="http://apache.org/cocoon/include/1.0" xmlns:zs="http://www.loc.gov/zing/srw/">
  <leader>00517nz  a2200157n  4500</leader>
  <controlfield tag="001">no2010205854</controlfield>
  <controlfield tag="003">DLC</controlfield>
  <controlfield tag="005">20101222075133.0</controlfield>
  <controlfield tag="008">101219n| acannaabn          |a ana      </controlfield>
  <datafield tag="010" ind1=" " ind2=" ">
    <subfield code="a">no2010205854</subfield>
  </datafield>
  <datafield tag="035" ind1=" " ind2=" ">
    <subfield code="a">(OCoLC)oca08721036</subfield>
  </datafield>
  <datafield tag="040" ind1=" " ind2=" ">
    <subfield code="a">Nz</subfield>
    <subfield code="b">eng</subfield>
    <subfield code="c">Nz</subfield>
  </datafield>
  <datafield tag="110" ind1="2" ind2=" ">
    <subfield code="a">TSB Bank (N.Z.)</subfield>
  </datafield>
  <datafield tag="510" ind1="2" ind2=" ">
    <subfield code="w">a</subfield>
    <subfield code="a">Taranaki Savings Bank</subfield>
  </datafield>
  <datafield tag="670" ind1=" " ind2=" ">
    <subfield code="a">Its Annual report , 1990:</subfield>
    <subfield code="b">t.p. (TSB Bank)</subfield>
  </datafield>
  <datafield tag="670" ind1=" " ind2=" ">
    <subfield code="a">TSB Bank WWW site, Dec. 13, 2010:</subfield>
    <subfield code="b">about TSB Bank, story of TSB Bank (1989, Taranaki Savings Bank changed its name to TSB Bank)</subfield>
  </datafield>
</record>